<?xml version="1.0" encoding="UTF-8"?><record xmlns="http://www.loc.gov/MARC21/slim" xmlns:cinclude="http://apache.org/cocoon/include/1.0" xmlns:zs="http://www.loc.gov/zing/srw/">
  <leader>00806cz  a2200217n  4500</leader>
  <controlfield tag="001">n  89181463 </controlfield>
  <controlfield tag="003">DLC</controlfield>
  <controlfield tag="005">20140826061813.0</controlfield>
  <controlfield tag="008">931109n| azannaab           |a aaa      </controlfield>
  <datafield tag="010" ind1=" " ind2=" ">
    <subfield code="a">n  89181463 </subfield>
  </datafield>
  <datafield tag="040" ind1=" " ind2=" ">
    <subfield code="a">DLC</subfield>
    <subfield code="b">eng</subfield>
    <subfield code="e">rda</subfield>
    <subfield code="c">DLC</subfield>
    <subfield code="d">DLC</subfield>
  </datafield>
  <datafield tag="046" ind1=" " ind2=" ">
    <subfield code="f">16551111</subfield>
    <subfield code="g">17051208</subfield>
  </datafield>
  <datafield tag="100" ind1="0" ind2=" ">
    <subfield code="a">Jaitā,</subfield>
    <subfield code="c">Bhai,</subfield>
    <subfield code="d">1655-1705</subfield>
  </datafield>
  <datafield tag="400" ind1="0" ind2=" ">
    <subfield code="a">Baba Jīwana Siṅgha,</subfield>
    <subfield code="d">1655-1705</subfield>
  </datafield>
  <datafield tag="400" ind1="0" ind2=" ">
    <subfield code="a">Bhai Jaitā,</subfield>
    <subfield code="d">1655-1705</subfield>
  </datafield>
  <datafield tag="400" ind1="0" ind2=" ">
    <subfield code="a">Jiwan Singh,</subfield>
    <subfield code="d">1655-1705</subfield>
  </datafield>
  <datafield tag="400" ind1="0" ind2=" ">
    <subfield code="a">Jīwana Siṅgha,</subfield>
    <subfield code="c">Baba,</subfield>
    <subfield code="d">1655-1705</subfield>
  </datafield>
  <datafield tag="400" ind1="1" ind2=" ">
    <subfield code="a">Singh, Jiwan,</subfield>
    <subfield code="d">1655-1705</subfield>
  </datafield>
  <datafield tag="400" ind1="1" ind2=" ">
    <subfield code="a">Siṅgha, Jīwana,</subfield>
    <subfield code="c">Baba,</subfield>
    <subfield code="d">1655-1705</subfield>
  </datafield>
  <datafield tag="670" ind1=" " ind2=" ">
    <subfield code="a">Ārifī, Narañjana. Bhāi Jaitā, 1994:</subfield>
    <subfield code="b">p. 5 (Bābā Jīwana Siṅgha) p. 15 (b. 11/11/1655) p. 178 (d. 12/8/1705)</subfield>
  </datafield>
  <datafield tag="670" ind1=" " ind2=" ">
    <subfield code="a">Gurū kā beṭa Bābā Jīwana Siṅgha, 1995:</subfield>
    <subfield code="b">t.p. (Jiwan Singh)</subfield>
  </datafield>
</record>